% This file was created with JabRef 2.9.2.
% Encoding: MacRoman

@INPROCEEDINGS{abrahamson2006,
  author = {Abrahamson, N. A.},
  title = {Seismic Hazard Assessment: problems with current practice and future
	developments},
  booktitle = {Proceedings of the First European Conference on Earthquake Engineering
	and Seismology},
  year = {2006},
  address = {Geneva, Switzerland,},
  month = {September},
  owner = {marcop},
  timestamp = {2011.08.31}
}

@INPROCEEDINGS{a2000,
  author = {Abrahamson, N. A.},
  title = {Effects of rupture directivity on probabilistic seismic hazard analysis},
  booktitle = {Proceedings of the Sixth International Conference on Seismic Zonation:
	Managing Earthquake Risk in the 21st Century},
  year = {2000},
  owner = {damianomonelli},
  timestamp = {2011.10.18}
}

@ARTICLE{abrahamson2005,
  author = {Abrahamson, N. A. and Bommer, J. J.},
  title = {Probability and Uncertainty in Seismic Hazard Analysis},
  journal = {Earthquake Spectra},
  year = {2005},
  volume = {21},
  pages = {603-607},
  number = {2},
  owner = {mpagani},
  timestamp = {2014.05.30}
}

@ARTICLE{abrahamson1997,
  author = {Abrahamson, N. A. and Shedlock, K.},
  title = {Over},
  journal = {Seismological Research Letters},
  year = {1997},
  volume = {68},
  pages = {9-23},
  number = {1},
  owner = {mpagani},
  timestamp = {2014.05.28}
}

@ARTICLE{abrahamson1997a,
  author = {Abrahamson, N. A. and Silva},
  title = {Empirical Response Spectral Attenuation Relations for Shallow Crustal
	Earthquakes},
  journal = {Seism. Res. Lett.},
  year = {1997},
  volume = {68},
  pages = {94-127},
  number = {1},
  owner = {marcop},
  timestamp = {2011.07.24}
}

@ARTICLE{abrahamson2008,
  author = {Abrahamson, N. A. and Silva, W.},
  title = {{Summary of the Abrahamson \& Silva NGA Ground-Motion Relations}},
  journal = {Earthquake Spectra},
  year = {2008},
  volume = {24},
  pages = {67-97},
  number = {1},
  month = {February},
  owner = {marcop},
  timestamp = {2011.02.10}
}

@TECHREPORT{as1996,
  author = {Abrahamson, N. A. and Silva, W. J.},
  title = {Empirical Ground Motion Models},
  institution = {Brookhaven National Laboratory},
  year = {1996},
  owner = {damianomonelli},
  timestamp = {2011.10.18}
}

@TECHREPORT{adams2003,
  author = {Adams, J. and Halchuck, S. .},
  title = {Fourth generation seismic hazard maps of Canada: Values for over
	650 Canadian localities intended for the 2005 National Building Code
	of Canada},
  institution = {Canada Geological Survey},
  year = {2003},
  type = {Open File 4459},
  note = {156 pp},
  owner = {marcop},
  timestamp = {2011.08.23}
}

@BOOK{aki2002,
  title = {Quantitative Seismology},
  publisher = {University Science Books},
  year = {2002},
  author = {Aki, K. and Richards, P. G.},
  address = {Sausalito, California},
  owner = {marcop},
  timestamp = {2010.10.04}
}

@ARTICLE{ab2010,
  author = {Akkar, S. and Bommer, J. J.},
  title = {Empirical Equations for the Prediction of PGA, PGV, and Spectral
	Accelerations in Europe, the Mediterranean Region, and the Middle
	East},
  journal = {Seismological Research Letters},
  year = {2010},
  volume = {81},
  pages = {195-206},
  owner = {damianomonelli},
  timestamp = {2011.10.18}
}

@ARTICLE{akkar2010,
  author = {Akkar, S. and Bommer, J. J.},
  title = {{Empirical equations for the prediction of PGS, PGV, and spectral
	accelerations in Europe, the Mediterranean Region, and the Middle
	East}},
  journal = {Seism. Res. Lett.},
  year = {2010},
  volume = {81},
  pages = {195-206},
  number = {2},
  bdsk-url-1 = {http://dx.doi.org/10.1785/gssrl.81.2.195},
  doi = {10.1785/gssrl.81.2.195},
  owner = {marcop},
  timestamp = {2011.11.06}
}

@TECHREPORT{akkar2013r,
  author = {Akkar, S. and Douglas, J. and Di Alessandro, C. and Campbell, K.
	W. and Somerville, P. G. and Cotton, F. and Silva, W. A. and Baker,
	J. W.},
  title = {Define a Consistent Strategy to Model Ground Motion: Consistency
	in Model Parameters},
  institution = {GEM Foundation},
  year = {2013},
  note = {71 pages},
  owner = {mpagani},
  timestamp = {2014.05.28}
}

@ARTICLE{alatik2010,
  author = {Al Atik, L. and Abrahamson, N. A. and Bommer, J. J. and Scherbaum,
	F. and Cotton, F. and Kuehn, N. M.},
  title = {The Variability of Ground-Motion Prediction Models and Its Components},
  journal = {Seismological Research Letters},
  year = {2010},
  volume = {81},
  pages = {794-801},
  number = {5},
  bdsk-url-1 = {http://dx.doi.org/10.1785/gssrl.81.5.794},
  doi = {10.1785/gssrl.81.5.794},
  owner = {mpagani},
  timestamp = {2014.05.18}
}

@ARTICLE{allen2010,
  author = {Allen, T. and Wald, D.},
  title = {Prediction of macroseismic intensities for global active crustal
	earthquakes},
  journal = {Journal of Seismology},
  year = {2010},
  owner = {marcop},
  timestamp = {2011.07.24}
}

@ARTICLE{anderson1996,
  author = {Anderson, J. G. and Wesnousky, S. G. and Stirling. M. W.},
  title = {Earthquake size as a function of fault slip rate},
  journal = {Bull. Seism. Soc. Am.},
  year = {1996},
  volume = {86},
  pages = {683-690},
  number = {3},
  owner = {marcop},
  timestamp = {2011.08.18}
}

@ARTICLE{atkinson2006,
  author = {Atkinson, G. A. and Boore, D. M.},
  title = {{Earthquake Ground-Motion Prediction Equations for Eastern North
	America}},
  journal = {Bulletin of the Seismological Society of America},
  year = {2006},
  volume = {96},
  pages = {2181-2205},
  number = {6},
  owner = {marcop},
  timestamp = {2011.02.10}
}

@ARTICLE{ab2003Erratum,
  author = {Gail M. Atkinson and David M. Boore},
  title = {{Erratum to Empirical Ground-Motion Relations for Subduction Zone
	Earthquakes and Their Application to Cascadia and Other Regions}},
  journal = {Bulletin of the Seismological Society of America},
  year = {2008},
  volume = {98},
  pages = {2567-2569},
  owner = {damianomonelli},
  timestamp = {2011.10.18}
}

@ARTICLE{ab2003,
  author = {Gail M. Atkinson and David M. Boore},
  title = {{Empirical Ground-Motion Relations for Subduction-Zone Earthquakes
	and Their Application to Cascadia and Other Regions}},
  journal = {Bulletin of the Seismological Society of America},
  year = {2003},
  volume = {93},
  pages = {1703--1729},
  owner = {damianomonelli},
  timestamp = {2011.10.18}
}

@ARTICLE{ab1995,
  author = {Atkinson, G. M. and Boore, D. M.},
  title = {{Ground-Motion Relations for Eastern North America}},
  journal = {Bull. Seism. Soc. Am.},
  year = {1995},
  volume = {85},
  pages = {17-30},
  number = {1},
  date-added = {2014-06-19 09:49:27 +0000},
  date-modified = {2014-06-19 09:51:22 +0000},
  owner = {mpagani},
  timestamp = {2014.06.23}
}

@ARTICLE{bakun1997,
  author = {Bakun, W. H. and Wentworth, C. M.},
  title = {Estimating earthquake location and magnitude from seismic intensity
	data},
  journal = {Bulletin of the Seismological Society of America},
  year = {1997},
  volume = {87},
  pages = {1502-1521},
  owner = {marcop},
  timestamp = {2011.07.24}
}

@ARTICLE{basili2008,
  author = {Basili, R. and Valensise, G. and Vannoli, P. and Burrato, P. and
	Fracassi, U. and Mariano, S. and Tiberti, M. M. and Boschi, E.},
  title = {{The Database of Individual Seismogenic Sources (DISS), version 3:
	summarizing 20 years of research on Italy's earthquake geology}},
  journal = {Tectonophysics},
  year = {2008},
  volume = {453},
  pages = {20-43},
  bdsk-url-1 = {http://dx.doi.org/10.1016/j.tecto.2007.04.014},
  doi = {10.1016/j.tecto.2007.04.014},
  owner = {marcop},
  timestamp = {2011.02.10}
}

@ARTICLE{bs2003,
  author = {Baturay, M. B. and Stewart, J. P.},
  title = {Uncertainty and Bias in Ground-Motion Estimates from Ground Response
	Analyses},
  journal = {Bulletin of the Seismological Society of America},
  year = {2003},
  volume = {93},
  pages = {2025-2042},
  owner = {damianomonelli},
  timestamp = {2011.10.18}
}

@ARTICLE{bc2004,
  author = {Bazzurro, P. and Cornell, C. A.},
  title = {Ground-Motion Amplification in Nonlinear Soil Sites with Uncertain
	Properties},
  journal = {Bulletin of the Seismological Society of America},
  year = {2004},
  volume = {94},
  pages = {2090√ê2109},
  owner = {damianomonelli},
  timestamp = {2011.10.18}
}

@INPROCEEDINGS{bazzurro2002,
  author = {Bazzurro, P. and Cornell, C. A.},
  title = {Vector-valued probabilistic seismic hazard analysis},
  booktitle = {{Proceedings 7$^\text{th}$ U.S. National Conference on Earthquake
	Engineering}},
  year = {2002},
  owner = {marcop},
  timestamp = {2010.10.04}
}

@ARTICLE{bazzurro1999,
  author = {Bazzurro, P. and Cornell, C. A.},
  title = {Disaggregation of Seismic Hazard},
  journal = {Bulletin of the Seismological Society of America},
  year = {1999},
  volume = {89},
  pages = {501-520},
  number = {2},
  __markedentry = {[marcop]},
  owner = {marcop},
  timestamp = {2010.10.04}
}

@TECHREPORT{bender1987,
  author = {Bender, B. and D. M. Perkins},
  title = {{Seisrisk III: A computer program for seismic hazard estimation}},
  institution = {United States Geological Survey},
  year = {1987},
  type = {Bulletin},
  number = {1772},
  owner = {marcop},
  timestamp = {2010.07.13}
}

@TECHREPORT{bender1982,
  author = {Bender, B. and Perkins, D. M.},
  title = {{SEISRISK II : a computer program for seismic hazard estimation}},
  institution = {United States Department of the Interiors, Geological Survey},
  year = {1982},
  type = {Open-File Report},
  number = {82-293},
  owner = {marcop},
  timestamp = {2011.01.26}
}

@BOOK{Benjamin,
  title = {"Probability, Statistics and Decisions for Civin Engineers"},
  publisher = {McGraw-Hill Book Company},
  year = {1970},
  author = {Benjamin, J. R. and Cornell, C. A.},
  note = {684 pages},
  owner = {mpagani},
  timestamp = {2014.06.04}
}

@ELECTRONIC{berkes2012,
  author = {Berkes, P.},
  year = {2012},
  title = {Writing robust scientific code with testing (and Python)},
  organization = {Euroscipy},
  url = {http://archive.euroscipy.org/talk/6634},
  owner = {mpagani},
  timestamp = {2014.06.10}
}

@ARTICLE{beyer2006,
  author = {Beyer, K. and Bommer, J. J.},
  title = {Relationships between Median Values and between Aleatory Variabilities
	for Different Definitions of the Horizontal Component of Motion},
  journal = {Bulletin of the Seismological Society of America},
  year = {2006},
  volume = {96},
  pages = {1512-1522},
  number = {4A},
  bdsk-url-1 = {http://dx.doi.org/10.1785/0120050210},
  doi = {10.1785/0120050210},
  owner = {marcop},
  timestamp = {2011.08.30}
}

@ARTICLE{boettcher2004,
  author = {Boettcher, M. S. and Jordan, T. H.},
  title = {Earthquake scaling relations for mid-ocean ridge transform faults},
  journal = {J. Geophys. Res.},
  year = {2004},
  volume = {109},
  pages = {21 pp.},
  number = {B12302},
  bdsk-url-1 = {http://dx.doi.org/10.1029/2004JB003110},
  doi = {10.1029/2004JB003110},
  owner = {marcop},
  timestamp = {2011.08.18}
}

@ARTICLE{bommer2008,
  author = {Bommer, J. J. and Scherbaum, F.},
  title = {The Use and Misuse of Logic Trees in Probabilistic Seismic Hazard
	Analysis},
  journal = {Earthquake Spectra},
  year = {2008},
  volume = {24},
  pages = {997-1009},
  number = {4},
  owner = {marcop},
  timestamp = {2011.01.20}
}

@ARTICLE{bEtAl2009,
  author = {Bommer, J. J. and Stafford, P. J. and Alarcon, J. E.},
  title = {Empirical Equations for the Prediction of the Significant, Bracketed,
	and Uniform Duration of Earthquake Ground Motion},
  journal = {Bulletin of the Seismological Society of America},
  year = {2009},
  volume = {99},
  pages = {3217-3233},
  owner = {damianomonelli},
  timestamp = {2011.10.18}
}

@ARTICLE{boore2010,
  author = {Boore, D. M.},
  title = {Orientation-Independent, Nongeometric-Mean Measures of Seismic Intensity
	from Two Horizontal Components of Motion},
  journal = {Bulletin of the Seismological Society of America},
  year = {2010},
  volume = {100},
  pages = {1830-1835},
  number = {4},
  bdsk-url-1 = {http://dx.doi.org/10.1785/0120090400},
  doi = {10.1785/0120090400},
  owner = {mpagani},
  timestamp = {2014.05.28}
}

@ARTICLE{boore2008,
  author = {Boore, D. M. and Atkinson, G. M.},
  title = {{Ground-Motion Prediction Equations for the Average Horizontal Component
	of PGA, PGV, and 5\%-Damped PSA at Spectral Periods between 0.01
	s and 10.0 s}},
  journal = {Earthquake Spectra},
  year = {2008},
  volume = {24},
  pages = {99-138},
  number = {1},
  month = {February},
  owner = {marcop},
  timestamp = {2011.02.10}
}

@ARTICLE{boore1982,
  author = {Boore, D. M. and Joyner, W. B.},
  title = {The empirical prediction of ground motion},
  journal = {Bulletin of the Seismological Society of America},
  year = {1982},
  volume = {72},
  pages = {S43-S60},
  number = {6},
  owner = {mpagani},
  timestamp = {2014.05.18}
}

@ARTICLE{bEtAl1997,
  author = {Boore, D. M. and Joyner, W. B. and Fumal, T. E.},
  title = {Equations for estimating horizontal response spectra and peak acceleration
	from western North American earthquakes; a summary of recent work},
  journal = {Seismological Research Letters},
  year = {1997},
  volume = {68},
  pages = {128-153},
  owner = {damianomonelli},
  timestamp = {2011.10.18}
}

@ARTICLE{boore1997,
  author = {Boore, D. M. and Joyner, W. B. and Fumal, T. E.},
  title = {Equations for Estimating Horizontal Response Spectra and Peak Acceleration
	from Western North American Earthquakes: A Summary of Recent Work},
  journal = {Seism. Res. Lett.},
  year = {1997},
  volume = {68},
  pages = {128-153},
  number = {1},
  owner = {marcop},
  timestamp = {2011.07.24}
}

@TECHREPORT{bjf1993,
  author = {Boore, D. M. and Joyner, W. B. and Fumal, T. E.},
  title = {{Estimation of Responce Spectra and Peak Accelerations from Western
	North American Earthquakes: An Interim Report}},
  institution = {U.S. Geological Survey},
  year = {1993},
  type = {Open File Report},
  number = {93-509},
  date-added = {2014-06-19 13:32:27 +0000},
  date-modified = {2014-06-19 13:34:28 +0000},
  owner = {mpagani},
  timestamp = {2014.06.23}
}

@ARTICLE{boore2006,
  author = {Boore, D. M. and Watson-Lamprey, J. and Abrahamson, N. A.},
  title = {Orientation-independent measures of ground motion},
  journal = {Bulletin of the Seismological Society of America},
  year = {2006},
  volume = {96},
  pages = {1502-1511},
  owner = {mpagani},
  timestamp = {2014.06.02}
}

@TECHREPORT{budnitz1997,
  author = {Budnitz, R. J. and Apostolakis, G. and Boore, D. M. and Cluff, S.
	L. and Coppersmith, K. J. and Cornell, C. A. and Morris, P. A. (1997)},
  title = {Recommendations for Probabilistic Seismic Hazard Analysis: Guidance
	on Uncertainty and the Use of Experts},
  institution = {U.S. Nuclear Regulatory Commission},
  year = {1997},
  number = {NUREG/CR-6372},
  address = {Washington D.C., United States},
  note = {Two volumes},
  owner = {mpagani},
  timestamp = {2014.05.28}
}

@ARTICLE{campbell2003SCR,
  author = {Campbell, K. W.},
  title = {Prediction of Strong Ground Motion Using the Hybrid Empirical Method
	and Its Use in the Development of Ground-Motion (Attenuation) Relations
	in Eastern North America},
  journal = {Bulletin of the Seismological Society of America},
  year = {2003},
  volume = {93},
  pages = {1012--1033},
  owner = {damianomonelli},
  timestamp = {2011.11.07}
}

@ARTICLE{campbell1997,
  author = {Campbell, K. W.},
  title = {Empirical Near-Source Attenuation Relationships for Horizontal and
	Vertical Components of Peak Ground Acceleration, Peak Ground Velocity,
	and Pseudo-Absolute Acceleration Response Spectra},
  journal = {Seism. Res. Lett.},
  year = {1997},
  volume = {68},
  pages = {154-179},
  number = {1},
  owner = {marcop},
  timestamp = {2011.07.24}
}

@ARTICLE{campbell2008,
  author = {Campbell, K. W. and Bozorgnia, Y.},
  title = {{NGA Ground Motion Model for the Geometric Mean Horizontal Component
	of PGA, PGV, PGD and 5\% Damped Linear Elastic Response Spectra for
	Periods Ranging from 0.01 to 10 s}},
  journal = {Earthquake Spectra},
  year = {2008},
  volume = {24},
  pages = {139-171},
  number = {1},
  date-modified = {2014-06-05 09:37:37 +0000},
  owner = {marcop},
  timestamp = {2011.07.24}
}

@ARTICLE{campbell2003,
  author = {Campbell, K. W. and Bozorgnia, Y.},
  title = {{Updated Near-Source Ground-Motion (Attenuation) Relations for the
	Horizontal and Vertical Components of Peak Ground Acceleration and
	Acceleration Response Spectra}},
  journal = {Bulletin of the Seismological Society of America},
  year = {2003},
  volume = {93},
  pages = {314-331},
  owner = {marcop},
  timestamp = {2011.07.24}
}

@ARTICLE{cf2008,
  author = {Cauzzi, C. and Faccioli, E.},
  title = {Broadband (0.05 s to 20 s) prediction of displacement response spectra
	based on worldwide digital records},
  journal = {Journal of Seismology},
  year = {2008},
  volume = {12},
  pages = {453-475},
  owner = {damianomonelli},
  timestamp = {2011.10.18}
}

@ARTICLE{chandler2002,
  author = {Chandler, A. M. and Lam, N. T. K.},
  title = {Intensity attenuation relationship for the South China region and
	comparison with the component attenuation model},
  journal = {Journal of Asian Earth Sciences},
  year = {2002},
  volume = {20},
  pages = {775-790},
  number = {7},
  bdsk-url-1 = {http://dx.doi.org/10.1016/S1367-9120(01)00054-2},
  doi = {10.1016/S1367-9120(01)00054-2},
  owner = {marcop},
  timestamp = {2011.07.24}
}

@TECHREPORT{chiang1984,
  author = {Chiang, W. L. and Guidi, G. A. and Scoof, C. G. and Shah, H .C.},
  title = {{Computer Programs for Seismic Hazard Analysis - A User Manual (STASHA)}},
  institution = {The J. A. Blume Earthquake Engineering Center},
  year = {1984},
  type = {Report},
  number = {62},
  owner = {marcop},
  pages = {238 pp.},
  timestamp = {2010.10.04}
}

@ARTICLE{chiou2008,
  author = {Chiou, B. S.-J. and Youngs, R. R.},
  title = {An NGA Model for the Average Horizontal Component of Peak Ground
	Motion and Response Spectra},
  journal = {Earthquake Spectra},
  year = {2008},
  volume = {24},
  pages = {173-215},
  owner = {marcop},
  timestamp = {2011.02.10}
}

@ARTICLE{cs2005,
  author = {Choi, Y. and Stewart, J. P.},
  title = {Nonlinear Site Amplification as a Function of 30 m Shear Wave Velocity},
  journal = {Earthquake Spectra},
  year = {2005},
  volume = {21},
  pages = {1-30},
  owner = {damianomonelli},
  timestamp = {2011.10.18}
}

@ARTICLE{coppersmith2009,
  author = {Coppersmith, K. J. and Youngs, R. R. and Sprecher, C.},
  title = {{Methodology and main results of seismic source characterization
	for PEGASOS Project, Switzerland}},
  journal = {Swiss J. Geosc.},
  year = {2009},
  volume = {102},
  pages = {91-105},
  bdsk-url-1 = {http://dx.doi.org/10.1007/s00015-009-1309-1},
  doi = {10.1007/s00015-009-1309-1},
  owner = {marcop},
  timestamp = {2010.07.08}
}

@ARTICLE{cornell1968,
  author = {Cornell, C. A.},
  title = {Engineering Seismic Risk Analysis},
  journal = {Bulletin of the Seismological Society of America},
  year = {1968},
  volume = {58},
  pages = {1583-1606},
  owner = {marcop},
  timestamp = {2010.10.04}
}

@ARTICLE{cotton2006,
  author = {Cotton, F. and Scherbaum, F. and Bommer, J. J. and Bungum, H.},
  title = {Criteria for selecting and adjusting ground-motion models for specific
	target regions: Application to Central Europe and rock sites},
  journal = {Journal of Seismology},
  year = {2006},
  pages = {137-156},
  number = {10},
  bdsk-url-1 = {http://dx.doi.org/10.1007/s10950-005-9006-7},
  doi = {10.1007/s10950-005-9006-7},
  owner = {mpagani},
  timestamp = {2014.05.15}
}

@ARTICLE{crowley2006,
  author = {Crowley, H. and Bommer, J. J.},
  title = {Modelling Seismic Hazard in Earthquake Loss Models with Spatially
	Distributed Exposure},
  journal = {Bulletin of Earthquake Engineering},
  year = {2006},
  volume = {4},
  pages = {249-273},
  bdsk-url-1 = {http://dx.doi.org/10.1007/s10518-006-9009-y},
  doi = {10.1007/s10518-006-9009-y},
  owner = {mpagani},
  timestamp = {2014.05.28}
}

@TECHREPORT{crowley2010a,
  author = {Crowley, H. and Cerisara, A. and Jaiswal, K. and Keller, N. and Luco,
	N. and Pagani, M. and Porter, K. and Silva, V. and Wald, D. and Wyss
	B.},
  title = {{GEM1 Seismic Risk Report: Part 2}},
  institution = {GEM Foundation},
  year = {2010},
  type = {GEM Technical Report},
  number = {2010-5},
  address = {Pavia, Italy},
  owner = {marcop},
  timestamp = {2011.09.02}
}

@TECHREPORT{crowley2010,
  author = {Crowley, H. and Colombi, M. and Crempien, J. and Erduran, E. and
	Lopez, M. and Liu, H. and Mayfield, M. and Milanesi, M.},
  title = {{GEM1 Seismic Risk Report: Part 1}},
  institution = {GEM Foundation},
  year = {2010},
  type = {GEM Technical Report},
  number = {2010-5},
  address = {Pavia, Italy},
  owner = {marcop},
  timestamp = {2011.09.02}
}

@TECHREPORT{danciu2010,
  author = {Danciu, L. and Monelli, D. and Pagani, M. and Wiemer, S.},
  title = {GEM1 Hazard: Review of PSHA software},
  institution = {GEM Foundation},
  year = {2010},
  type = {GEM Technical Report},
  number = {2010-2},
  address = {Pavia, Italy},
  owner = {marcop},
  timestamp = {2011.09.02}
}

@ARTICLE{delavaud2012,
  author = {Delavaud, E. and Cotton, F. and Akkar, S. and Scherbaum, F. and Danciu,
	L. and Beauval, C. and Drouet, S. and Douglas, J. and Basili, R.
	and Sandikkaya, M. A. and Segou, M. and Faccioli, E. and Theodulidis,
	N.},
  title = {Toward a ground-motion logic tree for probabilistic seismic hazard
	assessment in Europe},
  journal = {Journal of Seismology},
  year = {2012},
  volume = {16},
  pages = {451-473},
  bdsk-url-1 = {http://dx.doi.org/10.1007/s10950-012-9281-z},
  doi = {10.1007/s10950-012-9281-z},
  owner = {mpagani},
  timestamp = {2014.05.28}
}

@ARTICLE{dowrick2004,
  author = {Dowrick, D. J. and Rhoades, D. A.},
  title = {Relations Between Earthquake Magnitude and Fault Rupture Dimensions:
	How Regionally Variable Are They?},
  journal = {Bull. Seism. Soc. Am.},
  year = {2004},
  volume = {94},
  pages = {776-788},
  number = {3},
  owner = {marcop},
  timestamp = {2011.08.18}
}

@UNPUBLISHED{dEtAl2010,
  author = {Drouet, S. and Cotton, F. and Beauval, C.},
  title = {Deliverable 4.2: Regionally adjusted Ground Motion Prediction Equations
	(GMPE) for Europe},
  note = {SHARE Internal Report},
  year = {2010},
  owner = {damianomonelli},
  timestamp = {2011.10.18}
}

@ARTICLE{ebel1999,
  author = {Ebel, J. E. and Kafka, A. L.},
  title = {A Monte Carlo Approach to Seismic Hazard Analysis},
  journal = {Bull. Seism. Soc. Am.},
  year = {1999},
  volume = {89},
  pages = {854-866},
  number = {4},
  owner = {mpagani},
  timestamp = {2014.05.15}
}

@PHDTHESIS{esteva1968,
  author = {Esteva, L.},
  title = {Bases para la formulacion de decisiones de diseno sismico},
  school = {Universidad Autonoma Nacional de Mexico},
  year = {1968},
  owner = {marcop},
  timestamp = {2011.01.26}
}

@ARTICLE{field2000,
  author = {Field, E. H.},
  title = {{A Modified Ground-Motion Attenuation Relationship for Southern California
	that Accounts for Detailed Site Classification and a Basin-Depth
	Effect}},
  journal = {Bulletin of the Seismological Society of America},
  year = {2000},
  volume = {90},
  pages = {S209-S221},
  number = {6B},
  bdsk-url-1 = {http://dx.doi.org/10.1785/0120000507},
  doi = {10.1785/0120000507},
  owner = {marcop},
  timestamp = {2011.09.02}
}

@ARTICLE{field2009,
  author = {Field, E. H. and Dawson, T E. and Felzer, K. R. and Frankel, A. D.
	and Gupta, V. and Jordan, T. H. and Parsons, T. and Petersen, M.
	D. and Stein, R. S. and Weldon II, R. J. and Willis, C. J.},
  title = {{Uniform California Earthquake Rupture Forecast, Version 2 (UCERF
	2)}},
  journal = {Bulletin of the Seismological Society of America},
  year = {2009},
  volume = {99},
  pages = {2053-2107},
  number = {4},
  bdsk-url-1 = {http://dx.doi.org/10.1785/0120080049},
  doi = {10.1785/0120080049},
  owner = {marcop},
  timestamp = {2011.07.19}
}

@ARTICLE{field2003,
  author = {Field, E. H. and Jordan, T. H. and Cornell, C. A.},
  title = {{OpenSHA - A developing Community-Modeling Environment for Seismic
	Hazard Analysis}},
  journal = {Seism. Res. Lett.},
  year = {2003},
  volume = {74},
  pages = {406-419},
  owner = {marcop},
  timestamp = {2010.07.05}
}

@ARTICLE{fps2011,
  author = {Foulser-Piggott, R. and Stafford, P. J.},
  title = {A predictive model for Arias intensity at multiple sites and consideration
	of spatial correlations},
  journal = {Earthquake Engineering \& Structural Dynamics},
  year = {2011},
  owner = {damianomonelli},
  timestamp = {2011.10.18}
}

@ARTICLE{frankel1995,
  author = {Frankel, A.},
  title = {{Mapping Seismic Hazard in the Central and Eastern United States}},
  journal = {Seismological Research Letters},
  year = {1995},
  volume = {66},
  pages = {8-21},
  number = {4},
  owner = {marcop},
  timestamp = {2010.10.04}
}

@TECHREPORT{frankel1996,
  author = {Frankel, A. and Mueller, C. and Barnhard, T. and Perkins, D. and
	Leyendecker, E. and Dickman, N. and Hanson, S. and Hopper, M.},
  title = {National Seismic Hazard Maps---Documentation June 1996},
  institution = {U.S. Geological Survey},
  year = {1996},
  type = {Open-File Report},
  number = {96-532},
  date-added = {2014-06-20 20:25:06 +0000},
  date-modified = {2014-06-20 20:28:12 +0000},
  owner = {mpagani},
  timestamp = {2014.06.23}
}

@TECHREPORT{frankel1997,
  author = {Frankel, A. and Mueller, C. and Barnhard, T. and Perkins, D. and
	Leyendecker, E. V. and Dickman, N. and Hanson, S. and Hopper, M.},
  title = {{National 1996 Seismic Hazard Maps}},
  institution = {U.S. Geological Survey},
  year = {1997},
  type = {Open-File Report},
  number = {97-131},
  owner = {marcop},
  timestamp = {2011.04.18}
}

@TECHREPORT{frankel2002,
  author = {Frankel, A. D. and Petersen, M. D. and Mueller, C. S. and Haller,
	K. M. and Wheeler, R. L. and Leyendecker, E. V. and Wesson, R. L.
	and Harmsen, S. C. and Cramer, C. H. and Perkins, D. M. and Rukstales,
	K. S.},
  title = {{Documentation for the 2002 Update of the National Seismic Hazard
	Maps}},
  institution = {USGS},
  year = {2002},
  type = {Open-File Report},
  number = {02-420},
  owner = {marcop},
  timestamp = {2011.08.30}
}

@TECHREPORT{gemfoundation2010,
  author = {{GEM Foundation}},
  title = {{GEM1 Executive Summary}},
  institution = {GEM Foundation},
  year = {2010},
  type = {GEM Technical Report},
  number = {2010-1},
  address = {Pavia, Italy},
  owner = {marcop},
  timestamp = {2011.09.02}
}

@UNPUBLISHED{geomatrix1993,
  author = {Geomatrix Consultants, Inc.},
  title = {Seismic margin earthquake for the Trojan site},
  note = {Final unpublished report prepared for Portland General Electric Trojan
	Nuclear Plant, Ranier, Oregon},
  year = {1993},
  date-added = {2014-06-20 20:51:39 +0000},
  date-modified = {2014-06-20 20:53:25 +0000},
  owner = {mpagani},
  timestamp = {2014.06.23}
}

@TECHREPORT{halchuk2008,
  author = {Halchuk, S. and Adams, J.},
  title = {{Fourth generation seismic hazard maps of Canada: Maps and grid values
	to be used with the 2005 National Building Code of Canada}},
  institution = {Geological Survey of Canada},
  year = {2008},
  type = {Open File 5813},
  date-added = {2014-06-19 09:35:44 +0000},
  date-modified = {2014-06-19 09:37:18 +0000},
  owner = {mpagani},
  timestamp = {2014.06.23}
}

@ARTICLE{hancock2005,
  author = {Hancock, J. and Bommer, J. J.},
  title = {The effective number of cycles of earhquake ground motion},
  journal = {Earthquake Engineering and Structural Dynamics},
  year = {2005},
  volume = {34},
  pages = {637-664},
  bdsk-url-1 = {http://dx.doi.org/10.1002/eqe.437},
  doi = {10.1002/eqe.437},
  owner = {marcop},
  timestamp = {2011.08.29}
}

@ARTICLE{hanks2002,
  author = {Hanks, T. and Bakun},
  title = {A Bilinear Source-Scaling Model for M-log A Observations of Continental
	Earthquakes},
  journal = {Bull. Seism. Soc. Am.},
  year = {2002},
  volume = {92},
  pages = {1841-1846},
  number = {5},
  bdsk-url-1 = {http://dx.doi.org/10.1785/0120010148},
  doi = {10.1785/0120010148},
  owner = {marcop},
  timestamp = {2011.08.18}
}

@ARTICLE{hanks2008,
  author = {Hanks, T. and Bakun, W. H.},
  title = {M-logA Observations for Recent Large Earthquakes},
  journal = {Bull. Seism. Soc. Am.},
  year = {2008},
  volume = {98},
  pages = {490-494},
  number = {1},
  bdsk-url-1 = {http://dx.doi.org/10.1785/0120070174},
  doi = {10.1785/0120070174},
  owner = {marcop},
  timestamp = {2011.08.18}
}

@ARTICLE{hanks1979,
  author = {Hanks, T. C. and Kanamori, H.},
  title = {A moment magnitude scale},
  journal = {Journal of Geophysical Research},
  year = {1979},
  volume = {84},
  pages = {2348-2350},
  number = {B5},
  month = {May},
  owner = {mpagani},
  timestamp = {2014.05.20}
}

@TECHREPORT{harmsen2008,
  author = {Harmsen, S.},
  title = {{Appendix C. Distance to a Fault with Random Strike. In \cite{petersen2008}
	Documentation for the 2008 Update of the United States National Seismic
	Hazard Maps}},
  institution = {U.S. Department of the Interior, U.S. Geological Survey},
  year = {2008},
  type = {Open File Report},
  number = {2008-1128},
  owner = {marcop},
  timestamp = {2010.07.09}
}

@TECHREPORT{harmsen2008a,
  author = {Harmsen, S.},
  title = {Appendix D. Modeling Dip-Slip Background Sources},
  institution = {U.S. Department of the Interior, U.S. Geological Survey},
  year = {2008},
  type = {Open File Report},
  number = {2008-1128},
  owner = {marcop},
  timestamp = {2011.08.31}
}

@ARTICLE{hayes2009,
  author = {Hayes, G. P. and Wald, D. J.},
  title = {Developing framework to constrain the geometry of the seismic rupture
	plane on subduction interfaces a priori √ê a probabilistic approach},
  journal = {Geophys. J. Int.},
  year = {2009},
  volume = {176},
  pages = {951-964},
  bdsk-url-1 = {http://dx.doi.org/10.1111/j.1365-246X.2008.04035.x},
  doi = {10.1111/j.1365-246X.2008.04035.x},
  owner = {marcop},
  timestamp = {2011.09.01}
}

@ARTICLE{henry2001,
  author = {Henry, C. and Das. S.},
  title = {Aftershock zones of large shallow earthquakes: fault dimensions,
	aftershock area expansion and scaling relations},
  journal = {Geophys. J. Int.},
  year = {2001},
  volume = {147},
  pages = {272√ê293},
  owner = {marcop},
  timestamp = {2011.08.18}
}

@ARTICLE{heuret2011,
  author = {Heuret, A. and Lallemand, S. and Funiciello, F. and Piromallo, C.
	and Faccenna, C.},
  title = {Physical characteristics of subduction interface type seismogenic
	zones revisited},
  journal = {Geochemistry, Geophysics, Geosystems},
  year = {2011},
  volume = {12},
  pages = {Q01004},
  number = {1},
  bdsk-url-1 = {http://dx.doi.org/10.1029/2010GC003230},
  doi = {10.1029/2010GC003230},
  owner = {marcop},
  timestamp = {2011.09.01}
}

@ARTICLE{jayaram2009,
  author = {Jayaram, N. and Baker, J. W.},
  title = {Correlation model for spatially distributed ground-motion intensities},
  journal = {Earthquake Engineering and Structural Dynamics},
  year = {2009},
  volume = {38},
  pages = {1687-1708},
  number = {15},
  bdsk-url-1 = {http://dx.doi.org/10.1002/eqe.922},
  doi = {10.1002/eqe.922},
  owner = {marco},
  timestamp = {2010.08.05}
}

@ARTICLE{joyner1981,
  author = {Joyner, W. B. and Boore, D. M.},
  title = {Peak horizontal acceleration and velocity from strong-motion records
	including records from the 1979 Imperial Valley, California, earthquake.},
  journal = {Bull. Seism. Soc. Am.},
  year = {1981},
  volume = {71},
  pages = {2011-2038},
  number = {6},
  owner = {marcop},
  timestamp = {2011.11.08}
}

@ARTICLE{ks2006,
  author = {Kempton, J. J. and Stewart, J. P.},
  title = {Prediction equations for significant duration of earthquake ground
	motions considering site and near-source effects},
  journal = {Earthquake Spectra},
  year = {2006},
  volume = {22},
  pages = {985-1013},
  owner = {damianomonelli},
  timestamp = {2011.10.18}
}

@ARTICLE{kim2005,
  author = {Kim, Y.-S. and Sanderson, D. J.},
  title = {The relationship between displacement and length of faults: a review},
  journal = {Earth-Science Reviews},
  year = {2005},
  volume = {68},
  pages = {317-334},
  number = {3-4},
  owner = {marcop},
  timestamp = {2011.08.18}
}

@BOOK{kramer1996,
  title = {Geotechnical Earthquake Engineering},
  publisher = {Prentice Hall},
  year = {1996},
  author = {Kramer, S. L.},
  owner = {marcop},
  timestamp = {2011.11.10}
}

@INPROCEEDINGS{kulkarni84,
  author = {Kulkarni, R. B. and Youngs, R. R. and Coppersmith, K. J.},
  title = {Assessment of confidence intervals for results of seismic hazard
	analysis},
  booktitle = {Proceedings, Eighth World Conference on Earthquake Engineering},
  year = {1984},
  owner = {mpagani},
  timestamp = {2014.05.15}
}

@ARTICLE{ll2008,
  author = {Lin, P-S and Lee, C-T},
  title = {Ground-Motion Attenuation Relationships for Subduction-Zone Earthquakes
	in Northeastern Taiwan},
  journal = {Bulletin of the Seismological Society of America},
  year = {2008},
  volume = {98},
  pages = {220-240},
  owner = {damianomonelli},
  timestamp = {2011.10.18}
}

@ARTICLE{manighetti2007,
  author = {Isabelle Manighetti and Michel Campillo and Sylvain Bouley and Fabrice
	Cotton},
  title = {Earthquake scaling, fault segmentation, and structural maturity},
  journal = {Earth and Planetary Science Letters},
  year = {2007},
  volume = {253},
  pages = {429-438},
  number = {3-4},
  bdsk-url-1 = {http://www.sciencedirect.com/science/article/pii/S0012821X06007916},
  bdsk-url-2 = {http://dx.doi.org/10.1016/j.epsl.2006.11.004},
  doi = {10.1016/j.epsl.2006.11.004},
  issn = {0012-821X},
  keywords = {Earthquakes osin},
  url = {http://www.sciencedirect.com/science/article/pii/S0012821X06007916}
}

@BOOK{martinez2002,
  title = {Computational {S}tatistics {H}andbook with {M}atlab},
  publisher = {Chapman and Hall/CRC},
  year = {2002},
  author = {Martinez, W. L. and Martinez, A. R.},
  address = {Boca Raton, London, New York, Washington D.C.},
  owner = {marcop},
  timestamp = {2010.10.04}
}

@ARTICLE{matthews2002,
  author = {Matthews, M. V. and Ells\-worth, W. L. Reasenberg, P. A.},
  title = {A Brownian Model for Recurrent Earthquakes},
  journal = {Bulletin of the Seismological Society of America},
  year = {2002},
  volume = {92},
  pages = {2233-2250},
  number = {6},
  owner = {marcop},
  timestamp = {2010.07.08}
}

@TECHREPORT{mcguire1976,
  author = {McGuire, K. K.},
  title = {FORTRAN computer program for seismic risk analysis},
  institution = {{United States Department of the Interior, Geological Survey}},
  year = {1976},
  type = {Open-File report},
  number = {76-67},
  note = {102 pages},
  owner = {marcop},
  timestamp = {2011.01.26}
}

@ARTICLE{mcguire2005,
  author = {McGuire, K. K. and Cornell, C. A. and Toro, G. R.},
  title = {The Case for Using Mean Seismic Hazard},
  journal = {Earthquake Spectra},
  year = {2005},
  volume = {21},
  pages = {879-886},
  number = {3},
  month = {August},
  owner = {mpagani},
  timestamp = {2014.05.30}
}

@ARTICLE{mcguire2008,
  author = {McGuire, R. K.},
  title = {Probabilistic seismic hazard analysis: Early history},
  journal = {Earthquake Engineering and Structural Dynamics},
  year = {2008},
  volume = {37},
  pages = {329-338},
  owner = {marcop},
  timestamp = {2011.01.26}
}

@BOOK{mcguire2004,
  title = {Seismic Hazard and Risk Analysis},
  publisher = {Earthquake Engineering Research Institute},
  year = {2004},
  author = {McGuire, R. K.},
  note = {254 pages},
  __markedentry = {[marcop]},
  owner = {marcop},
  timestamp = {2010.08.01}
}

@ARTICLE{mcguire1995,
  author = {McGuire, R. K.},
  title = {{Probabilistic Seismic Hazard Analysis and Design Earthquake: Closing
	the Loop}},
  journal = {Bulletin of the Seismological Society of America},
  year = {1995},
  volume = {85},
  pages = {1275-1284},
  number = {5},
  __markedentry = {[marcop]},
  owner = {marcop},
  timestamp = {2010.10.04}
}

@INPROCEEDINGS{McVerry2000,
  author = {McVerry, G. H. and Zhao, J. X. and Abrahamson, N. A. and Somerville,
	P. G.},
  title = {CRUSTAL AND SUBDUCTION ZONE ATTENUATION RELATIONS FOR NEW ZEALAND
	EARTHQUAKES},
  booktitle = {Proc. 12th World Conference on Earthquake Engineering},
  year = {2000},
  owner = {damianomonelli},
  timestamp = {2011.10.18}
}

@ARTICLE{musson2012,
  author = {Musson},
  title = {On the Nature of Logic Trees in Probabilistic Seismic Hazard Assessment},
  journal = {Earthquake Spectra},
  year = {2012},
  volume = {28},
  pages = {1291-1296},
  number = {3},
  bdsk-url-1 = {http://dx.doi.org/10.1193/1.4000062},
  doi = {10.1193/1.4000062},
  owner = {mpagani},
  timestamp = {2014.05.30}
}

@ARTICLE{musson2000,
  author = {Musson, R. M. W.},
  title = {{The use of Monte Carlo simulations for seismic hazard assessment
	in the U.K.}},
  journal = {Annals of Geophys.},
  year = {2000},
  volume = {43},
  pages = {1-9},
  number = {1},
  owner = {marcop},
  timestamp = {2011.04.22}
}

@BOOK{myers2012,
  title = {The art of software testing},
  publisher = {Wiley and Sons, Inc.},
  year = {2012},
  author = {Myers, G. J. and Sandler, C. and Badgett, T.},
  owner = {mpagani},
  timestamp = {2014.06.10}
}

@ARTICLE{pagani2007,
  author = {Pagani, M. and Marcellini, A.},
  title = {Seismic-Hazard Disaggregation: A Fully Probabilistic Methodology},
  journal = {Bulletin of the Seismological Society of America},
  year = {2007},
  volume = {97},
  pages = {1688-1701},
  number = {5},
  bdsk-url-1 = {http://dx.doi.org/10.1785/0120060126},
  doi = {10.1785/0120060126},
  owner = {marcop},
  timestamp = {2011.01.30}
}

@TECHREPORT{pagani2010,
  author = {Pagani, M. and Monelli, D. and Crowley, H. and Danciu, L. and Field,
	E. H. and Wiemer, S. and Giardini, D.},
  title = {{GEM1 Hazard: Description of Input Models, Calculation Engine and
	Main Results}},
  institution = {GEM Foundation},
  year = {2010},
  type = {GEM Technical Report},
  number = {2010-3},
  address = {Pavia, Italy},
  owner = {marcop},
  timestamp = {2010.12.30}
}

@ARTICLE{pagani2014,
  author = {Pagani, M. and Monelli, D. and Weatherill, G. and Danciu, L. and
	Crowley, H. and Silva, V. and Henshaw, P. and Butler, L. and Nastasi,
	M. and Panzeri, L. and Simionato, M. and Vigano, D.},
  title = {OpenQuake Engine: An Open Hazard (and Risk) Software for the Global
	Earthquake Model},
  journal = {Seism. Res. Lett.},
  year = {2014},
  volume = {85},
  pages = {692-702},
  number = {3},
  month = {May/June},
  bdsk-url-1 = {http://dx.doi.org/10.1785/0220130087},
  doi = {10.1785/0220130087},
  owner = {mpagani},
  timestamp = {2014.05.15}
}

@TECHREPORT{pagani2014_oqtesting,
  author = {Pagani, M. and Monelli, D. and Weatherill, G. and Garcia, J.},
  title = {Testing procedures adopted in the development of the hazard Component
	of the {O}pen{Q}auke-engine},
  institution = {GEM Technical Report},
  year = {2014},
  owner = {GW},
  timestamp = {2014.07.08}
}

@ARTICLE{pavlides,
  author = {Pavlides, S. and Caputo, R.},
  title = {Magnitude versus faults' surface parameters: quantitative relationships
	from the Aegean Region},
  journal = {Tectonophysics},
  year = {2004},
  volume = {380},
  pages = {159-188},
  number = {3-4},
  bdsk-url-1 = {http://dx.doi.org/10.1016/j.tecto.2003.09.019},
  doi = {10.1016/j.tecto.2003.09.019},
  owner = {marcop},
  timestamp = {2011.08.18}
}

@INPROCEEDINGS{petersen2010,
  author = {Petersen, M. and Harmsen, S. and Haller, K. and Mueller, C. and Luco,
	N. and Hayes, G. and Dewey, J. and Rukstales, K.},
  title = {{Preliminary Seismic Hazard Model for South America}},
  booktitle = {LA SISMOLOG{\'I}A EN SUDAM{\'E}RICA Y LOS MECANISMOS DE PREVENCI{\'O}N
	Y MITIGACI{\'O}N DEL PELIGRO Y RIESGO S{\'I}SMICO},
  year = {2010},
  editor = {Daniel Huaco},
  address = {Lima, Peru},
  date-added = {2014-06-05 08:54:08 +0000},
  date-modified = {2014-06-05 09:06:29 +0000}
}

@TECHREPORT{petersen2008,
  author = {Petersen, M. D. and Frankel, A. D. and Harmsen, S. C. and Mueller,
	C. S. and Haller, K. M. and Wheeler, R. L. and Wesson, R. L. and
	Yzeng, Y. and Boys, O. S. and Perkins, D. M. and Luco, N. and Field,
	E. H. and Wills, C. J. and Rukstales, K. S.},
  title = {Documentation for the 2008 Update of the United States National Seismic
	Hazard Maps},
  institution = {U.S. Department of the Interior, U.S. Geological Survey},
  year = {2008},
  type = {Open File Report},
  number = {2008-1128},
  date-modified = {2014-06-05 09:45:49 +0000},
  owner = {marcop},
  timestamp = {2010.07.09}
}

@BOOK{reiter1991,
  title = {Earthquake hazard analysis},
  publisher = {Columbia University Press},
  year = {1991},
  author = {Reiter, L.},
  owner = {mpagani},
  timestamp = {2014.05.19}
}

@ARTICLE{rowshandel2006,
  author = {Rowshandel, B.},
  title = {{Incorporating Source Rupture Characteristics into Ground-Motion
	Hazard Analysis Models}},
  journal = {Seism. Res. Lett.},
  year = {2006},
  volume = {77},
  pages = {708-722},
  number = {6},
  owner = {marcop},
  timestamp = {2010.07.07}
}

@ARTICLE{sadigh1997,
  author = {Sadigh, K., C. -Y. and Chang, J. A. and Egan, F. and Makdisi, and
	Youngs, R. R.},
  title = {Attenuation relationships for shallow crustal earthquakes based on
	California strong motion data},
  journal = {Seismological Research Letters},
  year = {1997},
  volume = {68},
  pages = {180-189},
  owner = {damianomonelli},
  timestamp = {2011.10.18}
}

@ARTICLE{scherbaum2005,
  author = {Scherbaum, F. and Bommer, J. J. and Bongum, H. and Cotton, F. and
	Abrahamson, N. A.},
  title = {Composites Ground-Motion Models and Logic Trees: Methodology, Sensitivities,
	and Uncertainties},
  journal = {Bulletin of the Seismological Society of America},
  year = {2005},
  volume = {95},
  pages = {1575-1593},
  number = {5},
  bdsk-url-1 = {http://dx.doi.org/10.1785/0120040229},
  doi = {10.1785/0120040229},
  owner = {marcop},
  timestamp = {2010.07.19}
}

@ARTICLE{scherbaum2006,
  author = {Scherbaum, F. and Cotton, F. and Staedke, H.},
  title = {The Estimation of Minimum-Misfit Stochastic Models from Empirical
	Ground-Motion Prediction Equations},
  journal = {Bulletin of the Seismological Society of America},
  year = {2006},
  volume = {96},
  pages = {427 - 445},
  owner = {marcop},
  timestamp = {2010.07.23}
}

@ARTICLE{scherbaum2011,
  author = {Scherbaum, F. and Kuehn, N. M.},
  title = {Logic tree branch weights and probabilities: Summing up to one is
	not enough},
  journal = {Earthquake Spectra},
  year = {2011},
  volume = {in press},
  owner = {marcop},
  timestamp = {2011.08.30}
}

@ARTICLE{scherbaum2004,
  author = {Scherbaum, F. and Schmedes, J. and Cotton, F.},
  title = {On the Conversion of Source-to-Site Distance Measures for Extended
	Earthquake Source Models},
  journal = {Bulletin of the Seismological Society of America},
  year = {2004},
  volume = {94},
  pages = {1053-1069},
  number = {3},
  bdsk-url-1 = {http://dx.doi.org/10.1785/0120030055},
  doi = {10.1785/0120030055},
  owner = {marcop},
  timestamp = {2011.08.30}
}

@ARTICLE{schwartscoppersmith1984,
  author = {Schwartz, D. P. and Coppersmith, K. J. },
  title = {Fault behavior and characteristic earthquakes: Examples from the
	Wasatch and San Andreas Fault Zones},
  journal = {Journal of Geophysical Research: Solid Earth},
  year = {1984},
  volume = {89},
  pages = {5681--5698},
  number = {B7},
  date-added = {2014-06-05 08:38:45 +0000},
  date-modified = {2014-06-05 08:41:59 +0000}
}

@TECHREPORT{sshac1997,
  author = {{Senior Seismic Hazard Analysis Committee}},
  title = {Recommendations for Probabilistic Seismic Hazard Analysis: Guidance
	on Uncertainty and Use of Experts},
  institution = {Lawrence Livermore National Laboratory},
  year = {1997},
  number = {NUREG/CR-6372, UCRL-ID-122160, Vol. 1},
  owner = {marcop},
  timestamp = {2010.12.31}
}

@TECHREPORT{silva2002,
  author = {Silva, W. and Gregor, N. and Darragh, R.},
  title = {{Development of hard rock attenuation relations for central and eastern
	North America}},
  institution = {Pacific Engineering},
  year = {2002},
  date-added = {2014-06-20 20:39:13 +0000},
  date-modified = {2014-06-20 20:40:20 +0000},
  owner = {mpagani},
  timestamp = {2014.06.23}
}

@TECHREPORT{somerville2001,
  author = {Somerville, P. and Collins, N. and Abrahamson, N. and Graves, R.,
	and Saikia, C.},
  title = {Ground motion attenuation relations for the Central and Eastern United
	States---Final report, June 30, 2001},
  institution = {U.S. Geological Survey},
  year = {2001},
  date-added = {2014-06-20 20:28:18 +0000},
  date-modified = {2014-06-20 20:29:56 +0000},
  owner = {mpagani},
  timestamp = {2014.06.23}
}

@TECHREPORT{sommerville2006,
  author = {Somerville, P. G. and Collins, N. and Graves, R.},
  title = {Magnitude-rupture area scaling of large strike-slip earthquakes},
  institution = {USGS},
  year = {2006},
  type = {Final Technical Report},
  number = {Award No. 05-HQ-GR-0004},
  bdsk-url-1 = {http://earthquake.usgs.gov/research/external/reports/05HQGR0004.pdf},
  owner = {marcop},
  timestamp = {2011.08.18},
  url = {http://earthquake.usgs.gov/research/external/reports/05HQGR0004.pdf}
}

@INPROCEEDINGS{somerville2006a,
  author = {Somerville, P. G. and Pitarka, A.},
  title = {Differences in earthquake source and ground motion characteristics
	between surface and buried earthquakes},
  booktitle = {Proc. Eighth National Conf. Earthquake Engineering},
  year = {2006},
  note = {Paper no. 977},
  owner = {mpagani},
  timestamp = {2014.06.05}
}

@ARTICLE{sEtAl1999,
  author = {Spudich, P and Joyner, W. B. and Lindh, A. G. and Boore, D. M. and
	Margaris B. M. and Fletcher, J. B.},
  title = {SEA99: A revised ground motion prediction relation for use in extensional
	tectonic regimes},
  journal = {Bulletin of the Seismological Society of America},
  year = {1999},
  volume = {89},
  pages = {1156-1170},
  owner = {damianomonelli},
  timestamp = {2011.10.18}
}

@ARTICLE{sEtAl2009,
  author = {Stafford, P. J. and Berrill, J. B. and Pettinga, J. R.},
  title = {New predictive equations for Arias intensity from crustal earthquakes
	in New Zealand},
  journal = {Journal of Seismology},
  year = {2009},
  volume = {13},
  pages = {31-52},
  owner = {damianomonelli},
  timestamp = {2011.10.18}
}

@TECHREPORT{s2001,
  author = {Stewart, Jonathan P. and Chiou, Brian S. J. and Bray, Jonathan D.
	and Graves, Robert W. and Somerville, Paul G. and Abrahamson, Norman
	A.},
  title = {Ground motion evaluation procedures for performance-based design},
  institution = {Pacific Earthquake Engineering Research Center, University of California,
	Berkeley},
  year = {2001},
  owner = {damianomonelli},
  timestamp = {2011.10.18}
}

@ARTICLE{stirling2002a,
  author = {Stirling, M. W. and Mc Verry, G. H. and Berryman, K. R.},
  title = {A New Seismic Hazard Model for New Zealand},
  journal = {Bulletin of the Seismological Society of America},
  year = {2002},
  volume = {92},
  pages = {1878-1903},
  owner = {marcop},
  timestamp = {2011.08.31}
}

@ARTICLE{stirling2002,
  author = {Stirling, M. W. and Rhoades, D. A. and Berryman, K.},
  title = {Comparison of Earthquake Scaling Relations Derived from Data of the
	Instrumental and Preinstrumental Era},
  journal = {Bulletin of the Seismological Society of America},
  year = {2002},
  volume = {92},
  pages = {812-830},
  number = {2},
  bdsk-url-1 = {http://dx.doi.org/10.1785/0120000221},
  doi = {10.1785/0120000221},
  owner = {marcop},
  timestamp = {2011.08.18}
}

@ARTICLE{tavakoli2005,
  author = {Tavakoli, B. and Pezeshk, S.},
  title = {{Empirical-stochastic ground-motion prediction for eastern North
	America}},
  journal = {Bull. Seism. Soc. Am.},
  year = {2005},
  volume = {95},
  pages = {2283-2296},
  date-added = {2014-06-20 20:36:50 +0000},
  date-modified = {2014-06-20 20:37:45 +0000},
  owner = {mpagani},
  timestamp = {2014.06.23}
}

@TECHREPORT{ceus2012,
  author = {{Technical Report}},
  title = {Central and Eastern United States Seismic Source Characterization
	for Nuclear Facilities.},
  institution = {EPRI, Palo Alto, CA, U.S. DOE, and U.S. NRC},
  year = {2012},
  owner = {mpagani},
  timestamp = {2014.06.01}
}

@TECHREPORT{thomas2010,
  author = {Thomas, P. and Wong, I. and Abrahamson, N. A.},
  title = {Verification of Probabilistic Seismic Hazard Analysis Computer Programs},
  institution = {Pacific Earthquake Engineering Centre},
  year = {2010},
  type = {PEER Report},
  number = {2010/106},
  address = {College of Engineering, University of California, Berkeley},
  month = {May},
  owner = {mpagani},
  timestamp = {2014.05.20}
}

@ARTICLE{toro1997,
  author = {Toro, G.R. and Abrahamson, N.A. and Schneider, J.F},
  title = {{A model of strong ground motions from earthquakes in central and
	eastern North America---Best estimates and uncertainties}},
  journal = {Seism. Res. Lett.},
  year = {1997},
  volume = {68},
  pages = {41-57},
  date-added = {2014-06-20 20:33:18 +0000},
  date-modified = {2014-06-20 20:34:18 +0000},
  owner = {mpagani},
  timestamp = {2014.06.23}
}

@UNPUBLISHED{t2002,
  author = {Toro, G. R.},
  title = {Modification of the Toro Et Al. (1997) Attenuation Equations for
	Large Magnitudes and Short Distances},
  year = {2002},
  bdsk-url-1 = {http://riskeng.com/PDF/atten_toro_extended.pdf},
  owner = {damianomonelli},
  timestamp = {2011.10.18},
  url = {http://riskeng.com/PDF/atten_toro_extended.pdf}
}

@ARTICLE{tEtAl2003,
  author = {Travasarou, T. and Bray, J. D. and Abrahamson, N. A.},
  title = {Empirical attenuation relationship for Arias intensity},
  journal = {Earthquake Engineering \& Structural Dynamics},
  year = {2003},
  volume = {32},
  pages = {1133-1155},
  owner = {damianomonelli},
  timestamp = {2011.10.18}
}

@ARTICLE{trifunac1975,
  author = {Trifunac, M. D. and Brady, A. G.},
  title = {A study on the duration of strong earthquake ground-motion},
  journal = {Bulletin of the Seismological Society of America},
  year = {1975},
  owner = {mpagani},
  timestamp = {2014.06.02}
}

@TECHREPORT{weatherill2014,
  author = {Weatherill, G.},
  title = {Ground Motion Prediction Equation and Strong Motion Modeller's Tookit},
  institution = {GEM Foundation},
  year = {2014},
  owner = {mpagani},
  timestamp = {2014.05.28}
}

@ARTICLE{weichert1980,
  author = {Weichert, D. H.},
  title = {Estimation of the earthquake recurrence parameters for unequal observation
	periods for different magnitudes},
  journal = {Bulletin of the Seismological Society of America},
  year = {1980},
  volume = {70},
  pages = {13371346},
  owner = {marcop},
  timestamp = {2010.07.13}
}

@ARTICLE{wells1994,
  author = {Wells, D. L. and Coppersmith, K. J.},
  title = {New Empirical Relationships among Magnitude, Rupture Length, Rupture
	Width, Rupture Area, and Surface Displacement},
  journal = {Bull. Seism. Soc. Am.},
  year = {1994},
  volume = {84},
  pages = {974-1002},
  number = {4},
  owner = {marcop},
  timestamp = {2011.08.18}
}

@ARTICLE{wesson2009,
  author = {Wesson, R. L. and Perkins, D. M. and Luco, N. and Karaca, E.},
  title = {Direct Calculation of the Probability Distribution for Earthquake
	Losses to a Portfolio},
  journal = {Earthquake Spectra},
  year = {2009},
  volume = {25},
  pages = {687-706},
  number = {3},
  owner = {marcop},
  timestamp = {2010.07.05}
}

@TECHREPORT{wheeler2009,
  author = {Wheeler, R. L.},
  title = {{Methods of Mmax Estimation East of the Rocky Mountains}},
  institution = {United States Geological Survey},
  year = {2009},
  type = {Open-File Report},
  number = {2009-1018},
  owner = {marcop},
  timestamp = {2010.09.08}
}

@ARTICLE{woo1996,
  author = {Woo, G.},
  title = {Kernel Estimation Methods for Seismic Hazard Area Source Modeling},
  journal = {Bulletin of the Seismological Society of America},
  year = {1996},
  volume = {86},
  pages = {353-362},
  number = {2},
  owner = {marcop},
  timestamp = {2010.10.04}
}

@ARTICLE{wyss1979,
  author = {Wyss, M.},
  title = {Estimating maximumexpectable magnitude of earthquakes from fault
	dimensions},
  journal = {Geology},
  year = {1979},
  volume = {7},
  pages = {336-340},
  owner = {marcop},
  timestamp = {2011.08.18}
}

@ARTICLE{yen2011,
  author = {Yen, Y.-T. and Ma, K.-F.},
  title = {Source-Scaling Relationship for M 4.6√ê8.9 Earthquakes, Specifically
	for Earthquakes in the Collision Zone of Taiwan},
  journal = {Bull. Seism. Soc. Am.},
  year = {2011},
  volume = {101},
  pages = {464√ê481},
  number = {2},
  bdsk-url-1 = {http://dx.doi.org/10.1785/0120100046},
  doi = {10.1785/0120100046},
  owner = {marcop},
  timestamp = {2011.08.18}
}

@ARTICLE{y1997,
  author = {Youngs, R. R. and Chiou, S.J. and Silva, W.J. and Humphrey, J. R.},
  title = {Strong Ground Motion Attenuation Relationships for Subduction Zone
	Earthquakes},
  journal = {Seismological Research Letters},
  year = {1997},
  volume = {68},
  owner = {damianomonelli},
  timestamp = {2011.10.18}
}

@ARTICLE{youngs1985,
  author = {Youngs, R. R. and Coppersmith, K. J.},
  title = {Implications of fault slip rates and eaarthquake recurrence models
	to probabilistic seismic hazard estimates},
  journal = {Bull. Seism. Soc. Am.},
  year = {1985},
  volume = {75},
  pages = {939-964},
  number = {4},
  owner = {marcop},
  timestamp = {2011.08.18}
}

@ARTICLE{zhao2006,
  author = {Zhao, J. X. and Zhang, J. and Asano, A. and Oyno, Y. and Oouchi,
	T. and Takahashi, T. and Ogawa, H. and Irikura, K. and Thio, H. K.
	and Somerville, P. G. and Fukushima, Y. and Fukushima, Y.},
  title = {Attenuation Relations of Strong Ground Motion in Japan Using Site
	Classification Based on Predominant Period},
  journal = {Bulletin of the Seismological Society of America},
  year = {2006},
  volume = {96},
  pages = {898-913},
  bdsk-url-1 = {http://dx.doi.org/10.1785/0120050122},
  doi = {10.1785/0120050122},
  owner = {marcop},
  timestamp = {2011.02.10}
}

@BOOK{burbidge2012,
  title = {{The 2012 Australian Earthquake Hazard Map}},
  publisher = {Geoscience Australia},
  year = {2012},
  editor = {Burbidge, D. R.},
  address = {Canberra},
  date-added = {2014-06-19 08:40:22 +0000},
  date-modified = {2014-06-19 08:44:50 +0000},
  owner = {mpagani},
  timestamp = {2014.06.23}
}

@comment{jabref-meta: selector_publisher:}

@comment{jabref-meta: selector_author:}

@comment{jabref-meta: selector_journal:Bulletin of the Seismological S
 ociety of America;}

@comment{jabref-meta: selector_keywords:}

